<collection xmlns="http://www.loc.gov/MARC21/slim">
<record>
  <leader>01304nam0a22002531i 450 </leader>
  <controlfield tag="001">IT\ICCU\CNCE\072653</controlfield>
  <controlfield tag="005">20080403000000.0</controlfield>
  <datafield tag="012" ind1=" " ind2=" ">
    <subfield code="a">i-i- i-la reio defa (C) 1585 (R)</subfield>
    <subfield code="2">fei</subfield>
  </datafield>
  <datafield tag="100" ind1=" " ind2=" ">
    <subfield code="a">20080403d1585        0itac0103    ba</subfield>
  </datafield>
  <datafield tag="101" ind1=" " ind2=" ">
    <subfield code="a">ITA</subfield>
  </datafield>
  <datafield tag="102" ind1=" " ind2=" ">
    <subfield code="a">IT</subfield>
  </datafield>
  <datafield tag="200" ind1="1" ind2=" ">
    <subfield code="a">Rosario della gloriosa Vergine Maria. Di nuouo stampato, con nuoue &amp; belle figure adornato</subfield>
  </datafield>
  <datafield tag="210" ind1=" " ind2=" ">
    <subfield code="e">In Vinegia</subfield>
    <subfield code="g">appresso Giouanni Varisco</subfield>
    <subfield code="h">1585</subfield>
  </datafield>
  <datafield tag="215" ind1=" " ind2=" ">
    <subfield code="a">\256! c.</subfield>
    <subfield code="c">in gran parte ill.</subfield>
    <subfield code="d">8\</subfield>
  </datafield>
  <datafield tag="300" ind1=" " ind2=" ">
    <subfield code="a">ANNULLATA  !!!!  vedi 41226Front. all&apos;interno di vignetta xil., testo all&apos;interno di cornice xil. -  Nome dell&apos;A. dalla pref. contenente la licenza del Patriarca . -  Segn.: A-2I8</subfield>
  </datafield>
  <datafield tag="700" ind1=" " ind2="0">
    <subfield code="a">Alberto</subfield>
    <subfield code="c"> : da#Castello</subfield>
    <subfield code="3">IT\ICCU\CNCA\000550</subfield>
  </datafield>
  <datafield tag="712" ind1="0" ind2="0">
    <subfield code="a">Varisco, Giovanni &amp; C.</subfield>
    <subfield code="3">IT\ICCU\CNCT\002997</subfield>
    <subfield code="4">650</subfield>
  </datafield>
  <datafield tag="790" ind1=" " ind2="1">
    <subfield code="a">Castellano,</subfield>
    <subfield code="b">Alberto</subfield>
    <subfield code="3">IT\ICCU\CNCA\007917</subfield>
    <subfield code="z">Alberto : da#Castello</subfield>
  </datafield>
  <datafield tag="790" ind1=" " ind2="1">
    <subfield code="a">Castello,</subfield>
    <subfield code="b">Alberto : da</subfield>
    <subfield code="3">IT\ICCU\CNCA\007920</subfield>
    <subfield code="z">Alberto : da#Castello</subfield>
  </datafield>
  <datafield tag="790" ind1=" " ind2="1">
    <subfield code="a">Castellani,</subfield>
    <subfield code="b">Alberto</subfield>
    <subfield code="3">IT\ICCU\CNCA\022474</subfield>
    <subfield code="z">Alberto : da#Castello</subfield>
  </datafield>
  <datafield tag="790" ind1=" " ind2="0">
    <subfield code="a">Alberto</subfield>
    <subfield code="c"> : di#Castello</subfield>
    <subfield code="3">IT\ICCU\CNCA\022475</subfield>
    <subfield code="z">Alberto : da#Castello</subfield>
  </datafield>
  <datafield tag="791" ind1="0" ind2="0">
    <subfield code="a">Guarisco, Giovanni &amp; C.</subfield>
    <subfield code="3">IT\ICCU\CNCT\006428</subfield>
    <subfield code="z">Varisco, Giovanni &amp; C.</subfield>
  </datafield>
  <datafield tag="801" ind1=" " ind2="3">
    <subfield code="a">IT</subfield>
    <subfield code="b">ICCU</subfield>
    <subfield code="c">20201115</subfield>
  </datafield>
  <datafield tag="899" ind1=" " ind2=" ">
    <subfield code="a">Biblioteca comunale Giuseppe Tanfani. Ostra Vetere</subfield>
    <subfield code="1">AN0061</subfield>
    <subfield code="2">URB OV</subfield>
  </datafield>
</record>
</collection>
